2706 3245
219 927 420 979 exstitisse,
443 926 483 966 in
509 929 568 965 tot
591 923 781 977 tantisque
805 921 908 973 vitiis
934 921 1014 961 eius
1041 927 1081 962 et
1104 921 1206 961 vitae
1228 933 1456 975 morumque
1479 920 1636 961 maculis
1663 921 1747 975 quis
1772 927 1830 961 est
1856 919 1923 976 qui
1949 919 2130 975 negt-221
2241 931 2276 967 35³
2295 926 2312 936 '⁴

208 973 400 1044 putaret?
439 989 578 1042 Itaque
594 1000 684 1029 ,cum
701 986 840 1026 abhinc
859 985 974 1038 paulo
991 985 1078 1038 plus
1099 985 1231 1025 decem
1251 998 1371 1024 annos
1391 984 1593 1035 Frankius‚
1617 985 1676 1024 vir
1695 985 1932 1025 doctissimus
1949 985 2238 1039 plurimumque

217 1052 259 1093 in
277 1052 478 1094 Aeschinis
502 1050 734 1092 orationibus
757 1054 940 1100 versatus,
970 1047 1119 1089 doleret
1151 1047 1214 1099 (cf.
1242 1048 1404 1102 praefat.
1432 1048 1608 1089 editionis
1631 1048 1921 1089 Teubner-ianae
1944 1063 1984 1103 p.
2009 1047 2107 1101 111),
2133 1048 2238 1103 quod

218 1131 360 1171 magna
384 1130 472 1172 pars
501 1115 674 1157 codicum
700 1113 901 1155 Aeschinis
939 1113 980 1152 in
1004 1112 1242 1154 bibliothecis
1276 1112 1452 1167 neglecta
1477 1114 1643 1166 jaceret,
1689 1112 1831 1167 optime
1867 1113 1917 1154 de
1951 1112 2026 1153 hoc
2051 1112 2238 1167 scriptore

217 1180 374 1221 meritus
398 1185 456 1221 est
480 1179 526 1220 F.
549 1177 789 1228 Schultzius,
825 1177 890 1231 qui
924 1190 1001 1216 non
1026 1176 1149 1216 solum
1179 1190 1250 1217 sex
1275 1178 1354 1217 fere
1381 1177 1529 1218 codices
1565 1177 1669 1216 haud
1692 1176 1927 1232 spernendos
1952 1176 2124 1231 primum
2149 1190 2237 1217 con·

216 1244 365 1294 tulerit,
397 1243 466 1284 sed
489 1243 603 1284 etiam
628 1256 782 1283 omnem
810 1255 927 1295 quem
954 1240 1114 1280 dicimus
1140 1248 1366 1294 apparatum
1392 1242 1565 1282 criticum
1590 1242 1717 1282 verbis
1741 1241 1900 1282 oratoris
1926 1241 2172 1295 supposuerit
2199 1248 2238 1281 et

215 1307 359 1349 scholia
385 1322 435 1349 ex
458 1312 567 1369 parte
590 1306 735 1348 inedita
760 1304 953 1346 adiecerit.
1007 1303 1111 1345 Illud
1136 1318 1290 1358 quoque
1314 1304 1362 1346 de
1388 1319 1434 1346 eo
1459 1304 1693 1347 laudandum
1718 1305 1809 1354 erit,
1845 1303 1949 1359 quod
1981 1318 2163 1359 magnam
2198 1310 2238 1345 et

191 1382 197 1386 ·
215 1372 433 1413 cautionem-
449 1376 488 1412 et
502 1364 740 1424 diligentiam
758 1375 797 1410 et
817 1368 1061 1409 doctrinam
1049 1382 1090 1406 ιιι
1105 1373 1216 1408 textu
1230 1368 1492 1409 constituendo
1514 1368 1699 1409 adhibuit.
1744 1368 1872 1418 Quam
1896 1375 2024 1409 autem
2040 1368 2235 1408 Frankius

215 1448 324 1488 spem
347 1435 498 1484 habuit,
541 1434 718 1475 meliores
744 1434 878 1484 etiam,
909 1447 1025 1486 quam
1051 1447 1147 1486 quos
1171 1441 1345 1483 noverat,
1376 1433 1523 1473 codices
1550 1434 1613 1472 hic
1638 1434 1716 1473 illic
1742 1433 1864 1473 latere
1897 1439 2013 1487 atque
2040 1434 2079 1471 in
2106 1426 2234 1473 lucem

157 1494 160 1498 ⁵
215 1497 409 1551 prolatum
434 1498 493 1549 iri,
519 1497 615 1538 haec
639 1497 707 1537 illa
731 1497 814 1550 ipsa
826 1495 1016 1538 Schultzii
1034 1495 1199 1536 editione
1222 1509 1455 1548 magnopere
1482 1496 1678 1537 debilitata
1702 1503 1771 1537 est.
1826 1496 1972 1538 Omnes
1998 1496 2113 1547 enim,
2139 1510 2236 1549 quos

215 1560 275 1602 vir
300 1560 535 1603 doctissimus
561 1561 730 1616 primum
756 1560 924 1602 excussit
947 1559 1083 1611 libros,
1118 1559 1233 1601 etiam
1258 1559 1557 1614 antiquissimos,
1596 1565 1757 1614 apparet
1783 1565 1851 1600 aut
1878 1559 2127 1601 vehementer
2152 1573 2236 1601 esse

214 1624 459 1681 interpolatos
485 1631 553 1666 aut
575 1639 625 1666 ex
642 1624 880 1681 interpolatis
906 1623 1179 1679 transscriptos.
1234 1623 1305 1664 Est
1329 1623 1458 1678 igitur,
1488 1629 1530 1663 ut
1550 1630 1643 1675 erat,
1674 1630 1715 1663 ut
1739 1624 1855 1664 etiam
1880 1637 1981 1664 nunc
2004 1623 2174 1664 codicem
2199 1637 2234 1676 a,

215 1690 283 1742 qui
308 1690 457 1729 saeculo
481 1689 573 1729 XV.
607 1690 761 1729 demum
787 1690 948 1742 scriptus
973 1689 1153 1738 habetur,
1193 1689 1432 1741 potissimum
1471 1684 1675 1740 sequentes
1707 1688 1799 1727 alios
1840 1688 1991 1728 saeculo
2019 1688 2150 1738 xm„
2194 1695 2237 1727 ut

213 1750 383 1804 videtur,
419 1747 577 1807 scriptos
616 1761 733 1808 atque
758 1753 855 1794 adeo
884 1751 1159 1794 Coislinianum
1187 1751 1355 1793 codicem
1391 1751 1541 1792 saeculo
1565 1751 1618 1794 Χ.
1656 1752 1871 1793 confectum
1908 1751 1966 1792 illi
2004 1752 2235 1806 posthabere

216 1820 408 1868 oporteat,
446 1821 484 1856 et
515 1822 654 1866 restat,
697 1822 739 1856 ut
771 1830 863 1856 sano
888 1816 1024 1855 iudicio
1060 1815 1156 1856 duce
1183 1821 1286 1856 certa
1312 1815 1469 1866 ratione,
1515 1829 1612 1869 quae
1641 1815 1780 1855 tradita
1805 1822 1916 1867 sunt,
1958 1816 2232 1867 examinemus,

214 1891 387 1932 quaeque
413 1879 535 1919 minus
562 1886 653 1934 apta
677 1881 874 1930 videntur,
909 1886 975 1919 aut
1000 1880 1244 1920 emendemus
1280 1887 1346 1918 aut
1381 1880 1515 1919 saltem
1543 1880 1783 1919 emendanda
1804 1887 1994 1920 .notemus
2030 1888 2069 1920 et
2093 1880 2231 1919 iudicio

213 1956 259 1983 ac
285 1943 479 1996 sagacitati
506 1944 669 1986 aliorum
693 1944 932 1985 subiciamus.

317 2006 375 2046 At
400 2020 477 2047 non
499 2008 625 2048 solum
652 2008 892 2049 emendanda
916 2007 1039 2048 multa
1066 2009 1106 2048 in
1129 2008 1362 2048 orationibus
1389 2008 1594 2048 Aeschinis
1622 2022 1715 2059 esse,
1743 2008 1811 2048 sed
1836 2008 1996 2048 fortasse
2019 2008 2143 2061 magis
2167 2021 2230 2047 eas

215 2068 329 2109 etiam
356 2083 456 2111 nunc
480 2071 742 2128 explicationis
767 2072 955 2126 indigere,
991 2078 1030 2113 et
1054 2085 1178 2126 nuper
1204 2072 1412 2113 Dahmsius
1437 2072 1477 2111 in
1503 2072 1745 2113 Fleckeiseni
1771 2078 1810 2112 et
1833 2071 1946 2112 Masii
1973 2086 2060 2112 nov.
2085 2071 2228 2111 Annal.

215 2146 252 2171 a.
283 2132 400 2185 1866,
426 2148 516 2189 pag.
541 2136 617 2175 221
647 2136 787 2187 docuit,
817 2143 856 2177 et
882 2136 914 2176 si
939 2137 1024 2190 quis
1050 2136 1165 2190 paulo
1192 2136 1371 2177 attentius
1400 2136 1696 2189 diligentiusque
1719 2136 1815 2188 legit
1838 2142 1877 2175 et
1902 2135 2230 2189 interpretationes

216 2208 348 2235 earum
373 2205 585 2251 comparat,
623 2199 735 2240 facile
760 2200 876 2240 videt.
932 2199 1042 2249 Quae
1076 2199 1233 2253 quidem
1263 2200 1594 2253 interpretationes
1622 2213 1765 2253 paucae
1790 2200 1982 2238 confectae
2005 2204 2111 2249 sunt,
2148 2199 2230 2238 sive

213 2260 477 2302 conversiones
501 2269 650 2316 spectes
688 2263 769 2304 sive
805 2264 1097 2304 commentarios
1127 2264 1194 2317 qui
1229 2264 1407 2304 dicuntur
1432 2270 1635 2317 perpetuos
1674 2263 1755 2302 sive
1793 2261 2142 2302 animadversiones
2178 2262 2229 2301 ad

212 2321 382 2375 singulas
399 2324 614 2366 orationum
632 2332 759 2381 partes
786 2327 1033 2381 pertinentes,
1061 2327 1313 2381 paucissimae
1336 2341 1429 2368 vero
1456 2325 1641 2380 proximis
1666 2325 1910 2379 temporibus,
1939 2337 1989 2365 ex
2015 2338 2092 2378 quo
2119 2338 2230 2379 prae—

211 2385 358 2425 ”nim
368 2387 522 2439 scholia,
550 2402 650 2443 quae
675 2392 814 2444 partim
841 2391 1105 2445 antiquissima
1129 2395 1245 2444 atque
1271 2391 1416 2444 optima
1442 2390 1493 2430 ad
1517 2403 1588 2429 nos
1613 2394 1881 2442 pervenerunt,
1915 2388 2090 2441 inprimis
2113 2388 2230 2429 Imm·

206 2448 380 2502 Bekkeri
414 2456 453 2492 et
477 2450 530 2494 G.
553 2452 746 2495 Dindorfii
781 2469 873 2495 cura
909 2469 987 2496 non
1011 2454 1253 2495 mediocriter
1283 2460 1395 2494 aucta
1425 2455 1466 2495 in
1490 2454 1615 2495 lucem
1648 2452 1881 2514 prodierunt.
1919 2474 1970 2483 —
1996 2451 2060 2493 Ne
2087 2452 2230 2494 mults:

208 2499 308 2560 illud
333 2520 504 2568 apparet,
530 2529 670 2570 operae
693 2518 860 2572 pretium
876 2531 959 2559 esse
983 2518 1023 2558 in
1043 2517 1192 2571 scriptis
1209 2516 1413 2558 Aeschinis
1437 2517 1519 2557 sive
1545 2515 1791 2558 emendandis
1810 2516 1894 2556 sive
1914 2514 2168 2570 explanandis
2188 2529 2230 2557 se

174 2575 409 2620 collocare.
461 2578 568 2620 Num
591 2589 720 2622 autem
744 2582 902 2634 fructus,
930 2595 1026 2636 quos
1052 2595 1125 2636 ego
1152 2594 1202 2621 ex
1228 2594 1345 2636 opera
1368 2594 1455 2621 mea
1480 2581 1652 2635 impensa
1677 2585 1879 2633 perceptos
1905 2592 2007 2618 nunc
2031 2592 2117 2619 sum
2141 2592 2229 2634 pro-

148 2644 153 2649 ”
204 2640 369 2693 laturus,
403 2654 517 2699 sensu
547 2643 717 2686 virorum
740 2646 878 2688 harum
903 2660 1033 2687 rerum
1057 2646 1269 2700 peritorum
1293 2651 1514 2698 gustentur,
1552 2657 1667 2695 num,
1709 2644 1776 2697 qui
1799 2643 1881 2684 solo
1908 2643 2079 2684 veritatis
2103 2642 2229 2685 studio

210 2702 347 2752 ductus
372 2704 457 2759 sim,
485 2695 646 2751 oratoris
671 2710 877 2752 sententias
903 2709 954 2752 ad
977 2723 1108 2751 veram
1136 2714 1175 2751 et
1199 2705 1406 2764 genuinam
1424 2709 1588 2750 formam
1611 2707 1676 2749 hic
1702 2707 1781 2748 illic
1806 2706 1964 2762 propius
1988 2706 2228 2760 adduxerim,

209 2762 295 2846 non
309 2772 376 2811 est
397 2770 481 2812 mei
497 2762 627 2813 iudicii
653 2774 894 2816 constituere.

440 2862 442 2865 .
1975 2839 1992 2866 1

1415 3182 1468 3198 ·”“
1530 3168 1591 3194 ”·<
1701 3186 1738 3200 -ι
1860 3187 1885 3198 .·.
1928 3163 1977 3198 *a*
2006 3195 2011 3199 .
2037 3164 2198 3203 ἣλ;..’Ύ.’·;·;ἲ
2241 3162 2423 3199 *J'Q*
2451 3163 2496 3193 '²sp

1355 3196 1921 3245 εεᾲὲςιῖιιπιςειᾼειῑιιῐιιὼ
1865 3200 1909 3231 ‘³2³
1922 3205 2101 3245 ..ΑΜ
2099 3202 2233 3242 ·«1-,·‘-‘·
2251 3201 2266 3212 ‘²
2286 3208 2300 3219 *-
2319 3204 2334 3210 ”
2363 3206 2373 3228 ’«
