2706 3245
414 324 515 366 eit:
557 320 654 364 ἐπὶ
674 315 800 362 mi&
820 317 1072 369 δικαίοις,
1104 324 1149 360 ut
1178 324 1241 360 est
1271 318 1315 358 in
1338 317 1564 374 Demonjth.
1555 313 1866 369 11³·Vffl*(ffl
1874 315 2044 370 Qun.)
2059 317 2131 359 102
2157 310 2513 370 dmi-1138&

425 386 523 434 δεῖν,
543 381 677 438 εἴπερ
680 379 747 431 ὥς
770 376 947 437 ἀληθεῖς
969 379 1057 425 ἐπὶ
1066 382 1174 424 Μαι
1201 380 1386 428 omboes
1399 379 1530 422 ταῦτα
1554 376 1906 431 συμβουλεύουσιν
1931 383 2031 424 κτλ.
2104 399 2111 414 2

528 446 903 502 capras-’2182
945 441 1060 487 οὕτω
1079 438 1287 500 γᾰρῆσαν
1318 438 1422 499 πρός
1451 435 1745 493 tac-alanino
1763 441 1947 492 χαλεποὶ
1974 439 2140 485 «ὥστ’
2167 438 2459 498 mataledo

418 512 702 562 πολιτῶν,-
725 504 1123 564 ε’γιιατῳκοδόμησειϊ
1142 503 1270 562 αυτὴν
1299 509 1406 560 μεθ
1427 507 1576 550 witmau
1603 504 1673 555 εἷς
1686 502 1867 560 ἔρημον
1865 504 2029 557 οἰκίαν,
2066 502 2150 562 ΰφῑ
2164 500 2222 550 οὗ
2242 500 2460 562 προδήλως

417 570 586 624 ἔμελλεν
613 568 869 616 ἀπολεῖσθαι
895 568 968 614 δια
995 568 1115 623 λιμόν
1136 570 1494 646 συγκαθειργμένη.
1550 570 1772 615 Seeundum
1788 567 2019 611 eoboliasfle
2037 565 2322 614 adnotationem
2342 566 2459 624 (--o‘

419 637 468 678 δὲ
493 639 533 680 h.
559 653 592 679 e.
624 635 649 677 ὁ
667 636 799 684 ἵππος
830 627 1050 689 λιμώττων
1086 636 1288 691 κατέφαγε
1321 632 1395 688 τῆν
1429 632 1664 690 α’νθρωπον)
1707 646 1829 688 equus
1852 634 1979 674 filim
1998 635 2137 677 dicitur
2160 637 2381 685 devorasse,
2418 640 2459 675 et

416 701 493 744 hoc
516 700 674 743 consilio
702 723 757 732 —-
793 715 871 756 quo
888 721 890 724 r
910 701 1032 743 enim·
1053 701 1129 743 alio
1163 700 1249 741 fieri
1275 699 1430 754 potuit?
1466 722 1516 730 —
1542 713 1663 754 equus
1700 712 1777 740 una
1809 710 1898 739 cum
1925 710 1979 738 ea.
2006 698 2128 740 muris
2163 699 2330 741 inclusus
2356 702 2457 740 erat.

417 764 557 817 Itaque
582 760 654 816 ὑφ’
681 759 732 805 οὗ
768 778 847 805 non
874 758 945 816 εἶφ’
971 759 1020 804 οὗ
1052 763 1260 815 legendum
1286 769 1325 802 et
1350 763 1654 814 intellegendum
1679 768 1756 802 est:
1795 762 1844 800 ab
1869 775 1981 813 equo,
2018 768 2059 801 et
2082 763 2261 803 Bmmius
2287 776 2333 802 ac
2357 763 2458 803 Ben-

416 828 565 868 sele-‚rus
591 843 795 881 perperam
821 827 1060 879 interpretati
1086 834 1194 876 sunt,
1232 827 1298 867 ille
1323 825 1557 867 Germanice
1583 826 1772 867 reddens:
1822 824 2048 877 „mobuttb
2083 826 2130 878 fle
2165 827 2330 879 offenbat
2368 829 2458 868 (1118

415 891 607 946 &unget
635 892 862 934 umtnmmett
888 889 1048 943 mufitef‘
1083 890 1163 930 hic:
1195 889 1259 943 „fo
1286 889 1369 943 θοῇ
1403 891 1461 942 ste,
1494 889 1798 944 miteingeipettt,
1826 889 1991 942 otientur
2014 888 2138 944 hurd}
2163 891 2351 945 {vunger
2377 900 2459 932 unt-

418 957 583 997 lommen
610 955 769 1008 mufite0¹⁴
827 954 873 995 Si
899 960 1029 994 autem
1052 960 1163 1007 pater
1190 954 1309 993 filiam
1324 955 1392 993 -ab
1418 967 1518 1007 equo
1545 954 1694 994 comedi
1720 954 1861 1004 voluit,
1899 968 1961 992 vv.
1995 949 2069 992 600?
2097 950 2217 1004 λιμόν
2258 969 2336 994 non
2371 968 2460 994 eum

420 1014 674 1060 οἷπολεῖσθαι
701 1015 874 1069 ἔμελλεν
901 1018 1084 1071 coniungi
1111 1025 1288 1071 possunt,
1318 1032 1396 1058 non
1421 1018 1476 1058 ita
1499 1018 1647 1067 saltem,
1676 1018 1774 1057 sicut
1802 1017 2069 1058 consuevimus
2094 1024 2134 1058 et
2158 1018 2335 1060 Bremius
2358 1018 2459 1059 Ben—

419 1081 641 1136 selerusque
662 1083 845 1133 fecerunt,
875 1086 918 1121 ut
938 1074 1059 1130 λιμός
1086 1081 1136 1121 ad
1153 1081 1322 1135 puellam
1346 1081 1568 1122 referamus.
1607 1080 1787 1130 Quonam
1807 1093 1902 1134 ergo
1921 1080 2035 1121 modo
2060 1087 2149 1120 sunt
2167 1081 2460 1136 intellegenda?

417 1146 597 1186 Reiskius
632 1147 673 1185 in
709 1145 954 1186 adnotatione
990 1146 1064 1184 hoc
1099 1145 1270 1198 scripsit:
1313 1140 1385 1184 διοέ
1411 1139 1553 1195 λιμόν;
1594 1144 1776 1184 subaudi:
1819 1141 2154 1197 ἕξηγριωμένου,“
2185 1145 2388 1196 Wolfium,
2418 1151 2462 1185 ut

416 1208 582 1261 videtur,
609 1219 772 1260 secutus,
810 1209 876 1263 qui
906 1208 1119 1248 transtulit:
1162 1206 1307 1257 „Fame
1332 1207 1527 1248 efferato.“
1584 1207 1641 1248 At
1668 1208 1836 1262 primum
1864 1198 1979 1248 nimis
2007 1207 2105 1248 dura
2129 1207 2226 1248 haec
2250 1208 2460 1249 verborum

415 1273 669 1312 conformatio
697 1272 862 1322 videtur,
901 1273 933 1310 si
969 1267 1040 1310 διοέ
1067 1266 1186 1319 λιμόν
1223 1285 1301 1311 non
1329 1272 1378 1310 ad
1403 1272 1589 1325 puellam,
1630 1272 1699 1311 sed
1726 1272 1777 1311 ad
1804 1284 1947 1324 equum
1972 1271 2129 1311 referas.
2184 1271 2338 1311 Deinde
2365 1272 2460 1325 quid

414 1336 495 1375 sibi
516 1335 600 1374 vult
625 1332 1006 1387 συγκαθειργμένηῖ
1062 1334 1106 1376 Si
1141 1335 1343 1388 temporali
1371 1326 1559 1374 sententia
1594 1336 1783 1375 resolvas:
1825 1342 1865 1374 at
1900 1335 2003 1374 enim
2037 1334 2279 1374 commodum
2316 1335 2460 1374 dictum

418 1405 513 1450 erat,
541 1399 713 1453 puellam
741 1412 828 1438 cum
854 1411 953 1452 equo
991 1398 1031 1437 in
1059 1398 1250 1438 desertam
1280 1398 1437 1438 domum
1466 1411 1549 1438 esse
1579 1398 1788 1449 inclusam;
1831 1399 2006 1453 ineptum
2040 1398 2160 1452 igitur
2194 1398 2362 1438 maxime
2390 1404 2456 1438 est'

416 1462 491 1502 hoc
524 1463 606 1502 sine
634 1462 713 1501 ulla
748 1476 851 1502 nova
890 1462 1104 1501 accessione
1141 1468 1328 1514 repetere.
1384 1461 1455 1502 Sin
1492 1460 1748 1503 conditionem
1776 1463 1978 1516 participio
2018 1462 2205 1503 contineri
2243 1462 2441 1503 existimes

416 1531 458 1565 at
483 1526 568 1579 quis
596 1526 729 1577 nescit,
765 1539 885 1580 equos
912 1525 1130 1565 hominibus
1157 1538 1234 1565 non
1260 1525 1384 1565 solere
1409 1525 1544 1565 vesci?
1597 1525 1736 1579 Itaque
1763 1526 2011 1581 participium
2039 1532 2106 1566 aut
2132 1537 2460 1580 supervacaneum

416 1596 476 1629 est
502 1596 541 1630 et
575 1590 784 1630 delendum
813 1590 956 1642 (simile
990 1588 1084 1642 quid
1112 1589 1288 1628 Bremius
1314 1590 1477 1628 sensisse
1506 1589 1674 1640 videtur,
1715 1590 1782 1643 qui
1808 1589 2158 1644 συγκαθειργμένη
2194 1590 2348 1630 omnino
2382 1601 2459 1628 non

414 1654 639 1705 transtulit),
669 1661 738 1694 aut
760 1654 916 1707 signum
946 1653 1086 1693 nimiae
1111 1652 1264 1693 dicendi
1290 1653 1422 1707 copiae
1450 1660 1566 1706 atque
1592 1653 1687 1693 adeo
1714 1653 1955 1707 loquacitatis
1983 1654 2156 1705 oratoris,
2183 1660 2259 1704 aut,
2286 1652 2326 1693 id
2353 1650 2458 1706 quod

415 1718 511 1757 mihi
540 1718 698 1771 quidem
732 1718 815 1758 veri
849 1717 1033 1758 dissimile
1068 1731 1146 1757 non
1185 1716 1338 1757 videtur
1369 1731 1468 1766 esse,
1511 1731 1561 1757 ex
1586 1718 1725 1758 codicis
1752 1718 2004 1759 Laurentiani
2037 1718 2224 1772 scriptura
2255 1720 2459 1770 καθειργ-

412 1780 515 1833 μένη
549 1782 853 1822 restituendum:
882 1779 1267 1834 καθειργμένον.
1322 1781 1561 1834 Praepositio
1589 1775 1662 1821 σύν
1687 1781 1802 1822 facile
1822 1782 1948 1835 potuit
1975 1797 1999 1821 a
2022 1781 2275 1832 „sciolorum“
2305 1779 2458 1820 illorum

415 1845 554 1885 Cobeti
581 1846 781 1884 hominum
807 1846 989 1898 quopiam
1015 1845 1117 1894 addi,
1155 1851 1222 1883 aut
1249 1858 1272 1883 a
1300 1845 1454 1883 librario
1479 1844 1669 1896 syllabam
1698 1859 1742 1884 ov
1770 1846 1878 1885 verbi
1903 1845 2163 1885 antecedentis
2189 1845 2247 1883 bis
2265 1842 2458 1896 legente*)

415 1907 545 1958 inseri,
573 1908 799 1961 praesertim
827 1922 915 1949 cum
941 1906 1163 1962 κατείργειν
1173 1908 1233 1960 **)
1269 1907 1383 1947 etiam
1409 1906 1598 1960 significet
1628 1908 1692 1958 „in
1717 1922 1907 1949 carcerem
1936 1908 2174 1960 includere,“
2204 1922 2279 1962 qua
2303 1906 2460 1948 notione

415 1972 491 2010 hoc
515 1972 600 2011 loco
641 1986 718 2012 non
756 1972 971 2011 adhibitum
999 1973 1174 2012 arbitror.
1231 1971 1370 2024 Neque
1397 1972 1499 2010 enim
1527 1972 1660 2022 video,
1700 1972 1793 2025 quid
1820 1973 2023 2026 impediat,
2065 1987 2115 2012 ne
2141 1970 2459 2025 significationem

415 2036 536 2075 verbo
570 2036 705 2075 demus
744 2043 878 2086 „arcte
902 2036 1103 2089 premendi
1116 2038 1149 2085 “‚
1192 2050 1308 2088 quam
1347 2036 1464 2075 habet
1496 2036 1599 2088 apud
1632 2036 1875 2076 Herodotum
1903 2037 1981 2087 VI,
2012 2037 2107 2077 102:
2157 2026 2460 2088 Χειρωσᾶμενοι

413 2098 462 2139 δὲ
497 2094 569 2151 τὴν
598 2095 798 2153 Ἐρέτριαν
833 2099 900 2140 καὶ
937 2093 1174 2149 ἐπισχόντες
1213 2094 1356 2151 σ’λίγας
1393 2094 1544 2152 ἡμέρας
1572 2095 1716 2141 ἔπλεον
1752 2099 1794 2146 ἐς
1824 2097 1896 2154 τὴν
1918 2095 2103 2153 Ἀττικὴν
2139 2096 2393 2153 κατέργοντές
2415 2110 2461 2137 τε

414 2156 570 2203 πολλὸν
595 2162 663 2202 καὶ
689 2162 894 2210 δοκέοντες
920 2157 1052 2204 ταῦτα
1080 2158 1180 2209 τούς
1203 2158 1455 2215 Ἀθηναίους
1478 2157 1677 2215 ποιήσειν,
1707 2161 1760 2204 τοὶ
1786 2163 1854 2204 καὶ
1879 2159 1974 2211 τούς
1998 2159 2217 2218 Ἐρετριέας
2244 2160 2462 2215 sueinum,-

414 2226 518 2280 apud
542 2222 779 2281 Thucyd.1,
803 2228 865 2278 76,
895 2227 940 2268 2:
969 2221 1101 2273 οὕτως
1128 2221 1217 2266 ουδ’
1246 2222 1363 2279 ἡμεῖς
1388 2222 1636 2274 θαυμαστόν
1664 2223 1786 2269 ου’δὲν
1810 2222 2092 2283 πεποιήκαμεν
2121 2249 2170 2256 -
2198 2226 2238 2268 εἰ
2267 2219 2390 2281 οἷρχην
2415 2237 2460 2264 τε

414 2290 633 2344 διδομένην
661 2286 898 2342 ἐδεξάμεθα
925 2291 993 2331 καὶ
1020 2285 1170 2343 ταύτην
1196 2289 1253 2342 μῆ
1281 2285 1446 2339 α’νεῒμεν
1470 2314 1518 2321 -
1534 2286 1617 2333 ουδ’
1640 2286 1695 2331 αὖ
1716 2307 1873 2346 πρωτοι
1900 2293 1975 2334 τοῦ
1999 2285 2186 2333 τοιούτου
2213 2284 2460 2344 ὑπαρξαντες
2513 2286 2516 2289 ’

412 2349 505 2394 ἀλλ’
533 2350 601 2394 αἐὶ
631 2356 868 2404 καθεςῶτος
899 2351 971 2395 τὸν
995 2367 1104 2408 muco
1140 2349 1223 2395 ὑπὸ
1246 2357 1324 2396 τοῦ
1353 2354 1628 2409 δυνατωτέρου
1653 2355 1941 2411 κατείργεσθαι
1968 2357 2067 2407 κτλ,·
2098 2356 2173 2406 IV,
2201 2356 2267 2406 98,
2295 2355 2341 2394 4:
2378 2353 2461 2394 πᾶν

415 2417 451 2457 δ’
476 2413 588 2465 εἰκός
616 2413 725 2459 εἶναι
749 2413 796 2459 τό
820 2417 989 2470 πολέμῳ
1015 2418 1082 2459 καὶ
1112 2419 1234 2471 δεινῷ
1261 2434 1341 2460 τινι
1369 2415 1675 2476 κατειργόμενον
1701 2415 1936 2474 ξύγγνωμόν
1959 2435 2000 2461 τι
2025 2389 2239 2473 γίγνεσθαι
2266 2418 2332 2458 καὶ
2355 2412 2460 2471 πρός

412 2482 487 2521 τοῦ
514 2483 641 2533 θεοῦ;
683 2483 755 2533 VI,
785 2483 830 2532 6,
859 2484 904 2522 2:
945 2483 1013 2522 καὶ
1042 2482 1079 2522 οἱ
1109 2477 1378 2524 Σελινούντιοι
1404 2483 1677 2536 Συρακοσίους
1713 2482 1962 2536 ἐπαγόμενοι
1989 2479 2228 2535 ξυμμάχους
2253 2484 2461 2534 κατεῖργον

412 2539 565 2591 αὐτοῦς
591 2547 647 2597 τῷ
673 2545 841 2598 πολέμῳ
868 2545 936 2586 καὶ
963 2541 1066 2587 κατα
1094 2542 1327 2589 θάλασσαν.
1355 2571 1407 2578 -
1433 2547 1615 2589 Ceterum
1641 2548 1849 2589 decernant
1872 2548 1949 2589 alii.

521 2674 556 2710 ¹⁵)
581 2676 665 2706 Vide
687 2677 792 2707 Bastii
814 2680 1020 2708 commentat.
1044 2678 1210 2717 palaeogr.
1233 2689 1265 2717 p.
1289 2679 1351 2709 734
1372 2679 1414 2710 de
1436 2680 1622 2710 confusione
1644 2679 1851 2718 syllabarum
1876 2693 1913 2710 ου
1937 2682 1969 2710 et
1991 2692 2037 2710 συ.

519 2728 574 2771 ’Ἴ
598 2730 648 2762 De
676 2730 793 2770 spiritu
823 2731 916 2763 verbi
938 2730 1097 2773 simplicis
1125 2731 1208 2763 nihil
1240 2735 1377 2764 constat.
1421 2732 1514 2765 Oonf.
1546 2733 1585 2766 G.
1613 2732 1719 2764 Curtii
1740 2732 1927 2773 Etymolog.
1951 2731 2007 2764 Gr.
2040 2732 2119 2763 edit.
2143 2731 2199 2763 alt.
2224 2740 2298 2773 pag.
2325 2731 2387 2762 165
2410 2738 2458 2769 sq.

412 2783 549 2874 aazias
571 2784 706 2877 (ἐέιιὶῒῗῖιῗ
728 2785 816 2823 ipse:
850 2785 935 2820 ..θεῖ
958 2784 1171 2825 llntcticbieb‚¹¹
1195 2786 1319 2824 inquit,
1343 2785 1499 2827 „gmiicbeu
1522 2788 1663 2828 εἵργνυμι
1685 2784 1801 2825 ἱῷιίεῦε
1823 2786 1869 2817 eiu
1892 2786 1951 2817 nub
1975 2789 2066 2826 εἴργω
2090 2783 2205 2824 §dmefie
2226 2787 2283 2815 aue
2315 2781 2393 2822 mut}
2408 2782 2459 2821 Ῑῠῐ
