2706 3245
517 397 856 482 &3147
865 399 1170 468 συμένουν,
1192 398 1469 454 οἷ’
1507 404 1517 417 ’
1679 403 1745 452 ‘l
1954 414 1957 419 '
2014 452 2016 455 ,
2078 421 2140 467 ..¹
2183 412 2202 443 '-

349 467 512 534 :dvc
510 430 798 536 &tuden-‘hp'
808 469 885 518 καὶ
910 471 1092 529 &manc
1113 468 1415 532 ἐξηγήσομαι.
1424 452 1521 518 De
1536 467 1753 536 particulis
1763 461 1862 537 μΒ
1871 461 2039 517 ἕῧνἯ
2048 513 2050 516 ,
2073 470 2088 476 ”
2133 488 2202 523 us*

349 530 562 585 concinnis
571 548 632 585 ter
641 539 850 596 repetitis,
887 540 962 580 etsi
988 538 1124 581 nescio
1143 536 1196 580 a'n
1220 538 1340 580 etiam
1363 530 1550 594 adversus
1571 536 1693 580 libros
1718 532 1794 598 boc
1807 524 1919 578 foco
1929 524 2218 586 mtffiho

315 617 321 623 '
349 598 435 650 sirit
434 590 656 656 Quae,
684 603 770 646 sive
795 617 886 644 cum
909 603 1049 645 eodem
1076 610 1117 644 et
1136 602 1348 644 editoribus
1366 590 1641 644 Turieen'sibu's
1667 592 1757 657 pro
1766 593 1858 643 οὖνε
1891 594 1969 655 yde
1980 587 2293 670 reponi-5⁸3&
2314 623 2331 638 ,ι

348 672 417 711 ιιι
406 664 626 712 merus
651 672 694 708 et
706 661 970 718 Βίιιᾱοιιίιιι,
1011 672 1141 707 tamen
1178 671 1221 706 ιιι
1247 664 1453 707 decernam
1480 660 1578 706 m'ih'i
1603 678 1683 707 non
1708 677 1833 708 sumo.
1861 661 2054 708 -ΑΙῘό
2061 660 2183 720 ‘etiaui
2183 650 2343 711 ‘luceiust

344 733 472 776 tentia
502 728 656 774 laborat
683 732 800 782 vitio,
845 730 952 784 quod
985 729 1204 770 continetur
1227 727 1357 782 verbis
1393 725 1452 776 ως
1483 722 1759 781 ἐπαιδεύθην.
1821 727 1888 771 Sic
1921 728 2025 770 euim
2063 730 2117 772 in
2128 717 2261 788 l'ib‘ieis
2277 718 2414 776 miiifl-
2425 727 2435 739 ““

350 795 504 862 scriptis
530 795 688 851 legitur,
716 807 815 850 quos
834 792 1007 835 wolfius
1034 799 1075 834 et
1094 780 1320 843 Muellerus,
1348 791 1566 843 Bekkerus,
1587 792 1823 834 Benselerus
1850 785 2085 846 sequuntur,
2113 789 2167 836 ita
2190 783 2345 848 tamea,
2340 784 2426 839 ἐξ

349 849 508 901 diversa
534 860 636 900 inter
659 871 702 899 se
728 858 879 913 ratione
903 857 1218 911 interpretentur.
1272 854 1397 896 Primi
1421 855 1528 896 enim
1554 855 1633 897 duo
1657 855 1778 897 latine
1803 861 2051 897 convertunt.
2096 864 2199 915 ,sego
2220 866 2345 914 vero,
2360 847 2418 902 ἠιξ
2458 890 2481 898 .,
2523 846 2551 881 ⁴⁵

351 925 539 966 educatus
563 923 675 972 sim,
717 935 811 962 vere
837 934 1031 974 exponam
1059 920 1209 973 (partic.
1240 919 1310 958 καὶ
1346 920 1463 974 plane
1492 920 1700 973 neglecta).
1755 919 1947 962 Similiter
1970 920 2205 964 Benselerus
2240 924 2309 979 (ἰῷ
2330 916 2445 979 ιυὶπ

354 986 443 1031 abet
467 984 553 1040 αιιῷ
577 984 716 1040 ἱῷῐιῷι
745 984 825 1028 ιιιιδ
851 983 945 1038 1·th
972 983 1160 1038 ergablen,
1198 984 1281 1025 mie
1310 983 1360 1036 ιδ)
1390 995 1543 1037 agogen
1569 984 1722 1026 metten
1748 983 1850 1037 bin),
1890 984 1965 1025 nisi
1991 985 2097 1038 quod
2124 993 2165 1027 et
2186 976 2421 1054 particulam

352 1050 423 1092 καὶ
455 1063 481 1090 a
503 1049 625 1090 verbo
654 1048 827 1095 δικαίως
858 1047 1072 1088 seiunctam
1107 1047 1158 1087 ad
1183 1048 1305 1088 verba
1333 1060 1390 1094 ως
1416 1041 1679 1101 ἐπαιδεύθην
1703 1046 1845 1099 refert,
1885 1047 1991 1101 quod
2015 1047 2131 1090 valde
2157 1049 2294 1094 dubito
2320 1064 2418 1092 num

349 1113 435 1155 fieri
460 1112 594 1167 possit,
623 1118 664 1153 et
686 1110 878 1165 particula
902 1124 959 1157 ως
986 1124 1075 1150 cum
1091 1117 1252 1151 accentu
1277 1110 1363 1150 vult
1383 1110 1543 1153 efferri.
1581 1110 1786 1151 Bekkerus
1805 1115 1950 1182 autem,
1978 1111 2046 1164 qui
2072 1111 2114 1151 in
2139 1112 2231 1155 edit.
2257 1113 2415 1168 tom.V,

350 1176 507 1229 Corrig.
534 1190 572 1230 p.
597 1175 675 1215 698
703 1174 755 1215 ad
780 1173 917 1219 καλῶς
942 1173 1121 1214 adnotat:
1168 1173 1377 1224 „Frustra,
1414 1187 1507 1213 nam
1542 1186 1599 1220 ως
1622 1167 1884 1225 ἐπαιδεύθην
1922 1173 1946 1212 i.
1972 1187 2009 1226 q.
2036 1171 2414 1235 πεπαιδευμένως,“

349 1239 597 1294 interpretari
624 1237 798 1279 videtur:
834 1243 879 1277 ut
905 1235 1104 1288 educatus,
1133 1235 1307 1278 eruditus
1332 1250 1450 1288 sum,
1480 1237 1520 1278 h.
1546 1251 1579 1279 e.
1608 1237 1770 1281 erudite.
1825 1237 1921 1290 Alii,
1950 1244 1995 1278 ut
2017 1232 2213 1291 Reiskius,
2231 1231 2413 1287 Schultz.

349 1317 519 1359 quoque,
554 1317 643 1342 cum
668 1301 901 1342 Marklando
937 1301 1039 1341 inter
1072 1314 1129 1347 ως
1156 1294 1420 1353 ἐπαιδεύθην
1446 1301 1672 1341 intexerunt
1698 1302 1852 1354 καλῶς,
1896 1302 2002 1356 quod
2034 1315 2122 1343 cum
2146 1303 2216 1343 καὶ
2242 1301 2415 1350 δικαίως

348 1369 603 1421 coniungunt.
657 1366 840 1407 Bremius
866 1366 1048 1406 asterisco
1074 1365 1209 1406 deesse
1234 1365 1465 1405 vocabulum
1491 1364 1557 1405 ille
1589 1365 1749 1419 quidem
1775 1366 1930 1418 statuit,
1972 1366 2041 1407 sed
2067 1367 2132 1407 hic
2156 1381 2332 1423 quoque,
2370 1375 2416 1409 ut

348 1432 551 1482 Rsiskiun,
589 1431 726 1478 καλῶς
750 1429 814 1471 vel
841 1425 967 1477 ὁσίως
993 1428 1058 1469 vel
1085 1428 1192 1469 aliud
1219 1443 1484 1483 synonymum
1513 1428 1605 1469 addi
1632 1442 1747 1484 posse
1774 1430 1986 1471 arbitratur
2022 1437 2062 1471 et
2097 1430 2139 1471 in
2163 1431 2416 1475 translatione

351 1496 588 1539 Germanica
615 1495 712 1536 haec
738 1494 877 1534 habet:
910 1493 982 1547 ,ἰῷ
1008 1494 1095 1536 abet
1122 1494 1242 1535 werbe
1267 1493 1640 1547 auseincnberfesen,
1667 1494 1738 1536 mie
1766 1493 1854 1548 (gut
1873 1494 1973 1548 ιιιιιι)
1997 1494 2154 1549 tantu&
2184 1495 2234 1549 id)
2263 1507 2414 1550 ergeuen

349 1560 540 1603 mothen.”
599 1558 748 1600 Contra
774 1558 968 1598 Frankius
1004 1559 1044 1597 in
1069 1558 1309 1610 praefatione
1335 1558 1427 1598 edit.
1454 1558 1619 1598 Aesch.:
1663 1557 1803 1606 „Latet
1811 1561 1848 1608 ,“
1878 1559 2027 1612 inquit,
2063 1559 2213 1608 „adhuc
2236 1560 2411 1603 vitium.“

351 1623 429 1666 Oui
465 1623 665 1665 assentior.
739 1620 973 1662 Proditionis
1010 1621 1114 1662 enim
1155 1621 1482 1662 insimulationem
1528 1621 1764 1662 refutaturus
1806 1628 1936 1663 orator
1973 1624 2009 1673 ἓ.
2046 1622 2126 1664 146
2165 1623 2416 1665 contenderat

350 1701 510 1729 necesse
540 1701 646 1738 esse,
685 1686 718 1725 si
743 1686 828 1740 ipse
855 1685 1022 1740 patriam
1047 1685 1302 1740 prodidisset,
1344 1685 1540 1726 hominem
1574 1699 1616 1726 se
1651 1699 1735 1727 esse
1759 1686 1886 1727 ferum
1920 1693 2038 1740 atque
2063 1687 2225 1742 impium
2252 1687 2415 1745 aliisque

350 1753 455 1793 vitiis
491 1752 570 1792 iam
604 1757 696 1791 ante
731 1750 831 1790 illud
864 1756 1018 1804 tempus
1047 1750 1363 1791 contaminatum.
1434 1748 1551 1799 Quod
1578 1756 1708 1790 tamen
1737 1750 1855 1804 longe
1889 1750 2002 1791 aliter
2027 1765 2070 1792 se
2097 1752 2251 1793 habere.
2307 1751 2413 1794 Nam

351 1817 474 1857 vitam
510 1815 668 1871 quidem
705 1829 815 1855 suam
854 1821 894 1855 et
931 1814 1196 1869 quotidianam
1225 1814 1544 1855 consuetudinem
1582 1814 1779 1867 (honestas
1805 1814 1903 1866 scil.)
1942 1815 2044 1856 cives
2080 1830 2213 1858 omnes
2241 1817 2413 1870 cognitus

352 1881 520 1930 habere,
559 1894 622 1920 res
647 1893 740 1919 vero
767 1879 945 1932 plurimis
981 1880 1132 1931 ignotas
1159 1878 1365 1931 plerasque
1403 1878 1478 1917 sibi
1505 1878 1683 1918 dedecori
1719 1891 1797 1918 non
1825 1891 1909 1918 esse
1936 1891 2040 1917 nunc
2066 1891 2150 1919 sese
2178 1879 2412 1920 demonstra.

352 1951 498 1985 turum.
554 1941 661 1991 Quas
689 1949 821 1983 autem
847 1942 917 1981 has
943 1955 1005 1982 res
1032 1941 1151 1994 vulgo
1179 1941 1307 1981 minus
1335 1947 1556 1995 perspectas
1584 1941 1796 1994 intellegat,
1826 1955 1915 1981 cum
1943 1941 2027 1995 ipse
2053 1942 2269 1983 Aeschines
2294 1943 2413 1996 signi-

350 2007 443 2048 ficat
467 2006 596 2046 verbis
632 2004 684 2046 ‘iv'
720 2003 858 2059 εἰδῆτε
891 1999 966 2052 τοῖς
998 2000 1102 2056 ἐμάς
1134 1998 1506 2058 παρακαταθήκας,
1547 1999 1597 2052 ἃς
1633 2001 1740 2045 οἴκοι
1779 2002 2020 2046 καταλιπών
2054 2003 2118 2053 εἷς
2152 2004 2414 2048 Μακεδονίαν

351 2069 612 2123 ἐπρέσβευσα
645 2092 699 2100 -—-
738 2083 837 2122 quae
869 2070 974 2109 enim
1011 2070 1087 2108 alia
1125 2084 1149 2107 a
1182 2083 1243 2119 se,
1285 2083 1374 2107 cum
1401 2069 1554 2122 legatus
1579 2070 1620 2107 in
1643 2062 1913 2108 Macedoniam
1941 2069 2034 2120 iret,
2075 2070 2242 2123 pignora
2277 2069 2416 2111 relicta.

354 2134 516 2185 dixerit,
560 2148 677 2188 quam
704 2140 877 2188 patrem,
915 2132 1074 2184 liberos,
1115 2133 1273 2183 fratres,
1312 2134 1571 2186 propinquos,
1613 2147 1692 2173 non
1717 2133 1831 2172 video
1859 2155 1912 2162 ——
1939 2140 2021 2172 tum
2049 2147 2100 2173 ex
2128 2134 2174 2172 iis
2202 2134 2410 2186 colligitur,

354 2211 455 2253 quae
480 2211 597 2252 porro
620 2197 792 2251 exponit.
846 2196 972 2251 Atqui
993 2198 1052 2247 ἓξ.
1073 2196 1292 2237 147-152
1315 2196 1583 2237 educationem
1607 2210 1717 2236 suam
1745 2202 1785 2238 et
1814 2196 2054 2251 disciplinam
2079 2210 2130 2238 ne
2155 2211 2232 2239 uno
2254 2197 2412 2251 quidem

353 2263 477 2302 verbo
505 2263 643 2314 tangit,
673 2262 743 2301 sed
770 2269 906 2311 totum,
936 2275 1013 2313 quo
1041 2267 1146 2300 ortus
1165 2262 1227 2310 sit,
1255 2274 1381 2313 genus
1408 2267 1447 2300 et
1474 2266 1658 2313 cognatos
1681 2260 1896 2313 affinesque
1924 2259 2105 2313 deinceps
2130 2259 2237 2299 nulla
2261 2260 2416 2315 macula

352 2325 558 2379 adspersos
594 2337 678 2365 esse
716 2324 895 2365 ostendit.
965 2324 1103 2377 Itaque
1139 2325 1226 2364 luce
1264 2324 1403 2363 clarius
1437 2331 1512 2373 est,
1554 2339 1616 2363 vv.
1644 2319 1699 2369 ὠς
1730 2315 1989 2375 ἐπαιδευθην
2029 2323 2104 2362 hoc
2135 2323 2219 2363 loco
2255 2324 2414 2364 minime

353 2388 565 2441 quadrare:
608 2387 684 2427 nisi
722 2388 821 2429 forte
858 2401 946 2428 cum
973 2387 1154 2429 Bekkero
1183 2387 1350 2428 eandem
1377 2388 1608 2429 sententiam
1635 2387 1815 2439 sufficias,
1854 2401 1972 2442 quam
1994 2386 2223 2433 adverbium
2248 2401 2413 2429 πεπαι-

354 2450 561 2499 δευμένως
597 2452 735 2530 lia-bet,
777 2453 881 2505 quod
913 2452 1046 2491 dubito
1081 2466 1131 2491 an
1159 2453 1241 2491 fere
1266 2453 1365 2491 nulli
1392 2453 1588 2504 probetur.
1644 2451 1730 2490 lmo
1758 2464 1859 2504 quae
1887 2450 2080 2491 antecedit
2106 2451 2315 2490 sententia·
2360 2462 2413 2490 συ

353 2528 429 2567 μεν
463 2506 541 2555 οὖν
576 2514 681 2556 ταῦτ
681 2513 765 2567 ’**)
802 2507 973 2555 ἐπλάσω
1009 2512 1071 2555 ἐπ’
1104 2513 1198 2566 ἐμὲ,
1240 2516 1280 2557 h.
1306 2530 1340 2556 e.
1378 2517 1481 2557 idem
1509 2517 1591 2557 fere
1624 2515 1728 2569 quod
1761 2515 1865 2569 apud
1892 2516 2096 2555 Platonem
2119 2516 2236 2568 Apol.
2265 2516 2337 2565 20,
2366 2517 2412 2555 3.

355 2571 580 2629 (ψεύδεται
605 2590 650 2616 τε
676 2577 765 2629 καὶ)
793 2576 865 2618 ἐπὶ
889 2578 940 2631 τῇ
969 2577 1145 2632 διαβολῇ
1171 2579 1223 2632 τῇ
1250 2577 1330 2633 ἐμῇ
1357 2577 1520 2632 (λέγει),
1548 2578 1733 2632 postulat,
1762 2585 1805 2618 ut
1823 2584 2023 2632 sequatur:
2054 2592 2153 2631 „ego
2172 2585 2302 2618 autem
2320 2591 2415 2619 vera

353 2640 503 2680 dicam“
534 2642 598 2681 vel
625 2642 750 2681 simile
775 2642 881 2694 quid.
936 2642 1021 2681 Nec
1048 2643 1143 2680 mihi
1171 2643 1331 2681 dubium
1356 2650 1425 2693 est,
1456 2644 1552 2696 quin
1578 2649 1713 2682 auctor
1742 2643 1957 2696 scripserit:
1997 2639 2052 2689 ὡς
2085 2641 2155 2681 ἐπ’
2179 2637 2416 2695 ἄληθείᾳ

352 2702 424 2744 καὶ
462 2702 635 2751 δικαίως
667 2698 926 2757 ἐξηγήσομαι.
981 2705 1214 2745 Particulam
1243 2701 1299 2753 ὥς
1323 2713 1436 2759 puto,
1476 2714 1519 2745 ut
1544 2720 1680 2760 saepe,
1720 2720 1843 2760 paene
1870 2719 2194 2760 supervacaneam
2222 2718 2305 2746 esse
2341 2719 2421 2747 nec.

461 2848 497 2889 ⁴⁹)
520 2849 726 2889 Quamquam
749 2849 833 2880 haee
855 2851 974 2888 scripta
996 2852 1059 2881 sivi
1081 2851 1208 2892 prelum
1231 2853 1358 2891 subire,
1390 2857 1500 2884 tamen
1523 2854 1666 2884 libenter
1687 2854 1802 2893 fateor,
1829 2862 1918 2884 nunc
1940 2857 2114 2893 postquam
2135 2850 2348 2883 Rohdenldi
2369 2840 2418 2883 de

348 2902 419 2935 ‘hoe
440 2903 511 2935 loeo
540 2903 697 2935 orationis
733 2903 963 2943 quaestionem
986 2905 1270 2945 diligentissimam
1302 2907 1418 2937 iterum
1454 2916 1492 2935 ac
1523 2908 1650 2947 saepius
1681 2907 1765 2946 legi,
1803 2907 1883 2937 mihi
1907 2907 2044 2937 Frankii
2067 2909 2101 2936 et
2122 2905 2283 2937 Schultzii
2311 2905 2417 2936 inter·

352 2956 553 2996 pretationes
575 2965 615 2986 ae
638 2957 836 2987 coniecturas
858 2956 920 2987 illa
943 2956 1040 2987 valde
1062 2958 1167 2989 videri
1189 2959 1405 2990 labefactatas
1429 2968 1508 2991 esse.
1554 2960 1594 2990 V.
1618 2960 1730 3000 Progr.
1754 2959 2006 3001 Burgsteinfurt.
2032 2958 2126 2999 186⁷,
2148 2969 2180 3000 p.
2199 2959 2239 2990 16
2261 2967 2332 2998 sqq.
2361 2999 2364 3001 Α

464 3006 518 3046 ⁴¹⁴)
540 3019 583 3039 sc.
607 3019 694 3048 quae
716 3009 759 3040 ad
782 3014 913 3049 gentem
937 3019 1044 3041 meam
1066 3011 1243 3049 pertinent.
